<?xml version="1.0" encoding="UTF-8" standalone="yes"?>
<Document xmlns="urn:iso:std:iso:20022:tech:xsd:pain.001.001.03"
          xmlns:xsi="http://www.w3.org/2001/XMLSchema-instance"
          xmlns:xs="http://www.w3.org/2001/XMLSchema"
          xsi:schemaLocation="urn:iso:std:iso:20022:tech:xsd:pain.001.001.03 pain.001.001.03.xsd">
   <CstmrCdtTrfInitn>
      <GrpHdr>
         <MsgId>a8a5a0fa48bd49d4987dbda597c66055</MsgId>
         <CreDtTm>2021-03-12T11:27:28</CreDtTm>
         <NbOfTxs>1</NbOfTxs>
         <CtrlSum>86.87</CtrlSum>
         <InitgPty>
            <Nm>Muster AG</Nm>
         </InitgPty>
      </GrpHdr>
      <PmtInf>
         <PmtInfId>a8a5a0fa48bd49d4987dbda597c66055-1</PmtInfId>
         <PmtMtd>TRF</PmtMtd>
         <NbOfTxs>1</NbOfTxs>
         <CtrlSum>86.87</CtrlSum>
         <PmtTpInf>
            <SvcLvl>
               <Cd>SEPA</Cd>
            </SvcLvl>
         </PmtTpInf>
         <ReqdExctnDt>2021-03-12</ReqdExctnDt>
         <Dbtr>
            <Nm>Muster AG</Nm>
         </Dbtr>
         <DbtrAcct>
            <Id>
               <IBAN>DE07500400000582507042</IBAN>
            </Id>
         </DbtrAcct>
         <DbtrAgt>
            <FinInstnId>
               <BIC>OOBADEFFXXX</BIC>
            </FinInstnId>
         </DbtrAgt>
         <ChrgBr>SLEV</ChrgBr>
         <CdtTrfTxInf>
            <PmtId>
               <EndToEndId>NOTPROVIDED</EndToEndId>
            </PmtId>
            <Amt>
               <InstdAmt Ccy="EUR">86.87</InstdAmt>
            </Amt>
            <CdtrAgt>
               <FinInstnId>
                  <BIC>XXXADEMM</BIC>
               </FinInstnId>
            </CdtrAgt>
            <Cdtr>
               <Nm>Supplier 1 xxxxxxxxxxxxxxxxxxxxxxxxxxxxxxxxxxxxxxxxxxxxxxxxxxxxxxxxx E</Nm>
            </Cdtr>
            <CdtrAcct>
               <Id>
                  <IBAN>DE74555500000000028273</IBAN>
               </Id>
            </CdtrAcct>
            <RmtInf>
               <Ustrd>Invoice Example-1</Ustrd>
            </RmtInf>
         </CdtTrfTxInf>
      </PmtInf>
   </CstmrCdtTrfInitn>
</Document>
